
@article{Krishnamurthy:1984:CES:1907650.1907919,
 author = {Krishnamurthy, Balakrishnan and Akers, Sheldon B.},
 title = {On the Complexity of Estimating the Size of a Test Set},
 journal = {IEEE Trans. Comput.},
 issue_date = {August 1984},
 volume = {33},
 number = {8},
 month = aug,
 year = {1984},
 issn = {0018-9340},
 pages = {750--753},
 numpages = {4},
 url = {http://dx.doi.org/10.1109/TC.1984.5009364},
 doi = {10.1109/TC.1984.5009364},
 acmid = {1907919},
 publisher = {IEEE Computer Society},
 address = {Washington, DC, USA}
} 

@ARTICLE{Larrabee92testpattern,
    author = {Tracy Larrabee},
    title = {Test Pattern Generation Using Boolean Satisfiability},
    journal = {IEEE Transactions on Computer-Aided Design},
    year = {1992},
    volume = {11},
    pages = {4--15}
}

@article{pomeranz93,
    author = {Irith Pomeranz and Lakshmi N. Reddy and Sudhakar M. Reddy},
    title = {{COMPACTEST}: A Method To Generate Compact Test Sets for Combinational Circuits},
    journal = {IEEE Transactions on Computer-Aided Design of Integrated Circuits and Systems},
    year = {1993},
    volume = {12},
    number = {7},
    pages = {1040--1049}
}

@inproceedings{DBLP:conf/aspdac/Silva98,
  author    = {Jo{\~{a}}o P. Marques Silva},
  title     = {Integer Programming Models for Optimization Problems in Test Generation},
  booktitle = {Proceedings of the {ASP-DAC} '98, Asia and South Pacific Design Automation
               Conference 1998, Pacifico Yokohama, Yokohama, Japan, February 10-13,
               1998},
  year      = {1998},
  pages     = {481--487},
  crossref  = {DBLP:conf/aspdac/1998},
  url       = {http://dx.doi.org/10.1109/ASPDAC.1998.669530},
  doi       = {10.1109/ASPDAC.1998.669530},
  timestamp = {Wed, 19 Nov 2014 18:01:00 +0100},
  biburl    = {http://dblp.uni-trier.de/rec/bib/conf/aspdac/Silva98},
  bibsource = {dblp computer science bibliography, http://dblp.org}
}


@inproceedings{conf/glvlsi/FloresNS99,
  added-at = {2004-10-27T00:00:00.000+0200},
  author = {Flores, Paulo F. and Neto, Hor√°cio C. and Silva, Jo{\~{a}}o P. Marques},
  biburl = {http://www.bibsonomy.org/bibtex/226eea737515bbed101b2a889406c2231/dblp},
  booktitle = {Great Lakes Symposium on VLSI},
  crossref = {conf/glvlsi/1999},
  date = {2004-10-27},
  description = {dblp},
  ee = {http://csdl.computer.org/comp/proceedings/glsvlsi/1999/0104/00/01040008abs.htm},
  interhash = {d6b9c5bc423a11ef1473b89e3d7cc8a3},
  intrahash = {26eea737515bbed101b2a889406c2231},
  isbn = {0-7695-0104-4},
  keywords = {dblp},
  pages = {8-11},
  publisher = {IEEE Computer Society},
  timestamp = {2004-10-27T00:00:00.000+0200},
  title = {On Applying Set Covering Models to Test Set Compaction.},
  url = {http://dblp.uni-trier.de/db/conf/glvlsi/glvlsi1999.html#FloresNS99},
  year = 1999
}

@INPROCEEDINGS{5359362,
author={Czutro, A. and Polian, I. and Engelke, P. and Reddy, S.M. and Becker, B.},
booktitle={Asian Test Symposium},
title={Dynamic Compaction in {SAT-Based} {ATPG}},
year={2009},
month={Nov},
pages={187-190},
doi={10.1109/ATS.2009.31},
ISSN={1081-7735}
}

@article{belov12,
  author    = {Anton Belov and
               In{\^{e}}s Lynce and
               Jo{\~{a}}o Marques{-}Silva},
  title     = {Towards efficient {MUS} extraction},
  journal   = {{AI} Commun.},
  volume    = {25},
  number    = {2},
  pages     = {97--116},
  year      = {2012},
  url       = {http://dx.doi.org/10.3233/AIC-2012-0523},
  doi       = {10.3233/AIC-2012-0523},
  timestamp = {Mon, 10 Sep 2012 08:00:20 +0200},
  biburl    = {http://dblp.uni-trier.de/rec/bib/journals/aicom/BelovLM12},
  bibsource = {dblp computer science bibliography, http://dblp.org}
}

@Article{HuanChen_12_2013,
   author = "Huan Chen and Jo{\~{a}}o Marques Silva",
   title = "{A} Two-Variable Model for {SAT-Based} {ATPG}",
   journal = "IEEE Transactions on Computer-Aided Design of Integrated Circuits and Systems",
   volume = 32,
   pages = "1943 - 1956",
   publisher = "IEEE Press",
   year = 2013,
   month = dec,
   BibTexOrigem = "9670 www.Inesc-ID.pt 2014-11-19"
}

@inproceedings{10.1109/TEST.2013.6651914,
author = {Amit Kumar and Janusz Rajski and Sudhakar M. Reddy and Chen Wang},
title = {On the generation of compact test sets},
booktitle ={IEEE International Test Conference (ITC)},
issn = {1089-3539},
year = {2013},
pages = {1-10},
doi = {http://doi.ieeecomputersociety.org/10.1109/TEST.2013.6651914},
publisher = {IEEE Computer Society},
address = {Los Alamitos, CA, USA}
}

@INPROCEEDINGS{6628311,
author={Balcarek, J. and Fier, P. and Schmidt, J.},
booktitle={Euromicro Conference on Digital System Design (DSD)},
title={Simulation and {SAT} Based {ATPG} for Compressed Test Generation},
year={2013},
month={Sept},
pages={445-452},
doi={10.1109/DSD.2013.56}
}

@inproceedings{ignatiev13,
author = {Alexey Ignatiev and Mikol\'{a}\v{s} Janota and Joao Marques-Silva},
title = {Quantified Maximum Satisfiability: A Core-Guided Approach},
booktitle = {SAT},
year = {2013}
}

@article{DBLP:journals/it/EggersglussD14,
  author    = {Stephan Eggersgl{\"{u}}{\ss} and
               Rolf Drechsler},
  title     = {An effective fault ordering heuristic for {SAT}-based dynamic test compaction
               techniques},
  journal   = {it - Information Technology},
  year      = {2014},
  volume    = {56},
  number    = {4},
  pages     = {157--164},
  url       = {http://dx.doi.org/10.1515/itit-2013-1041},
  doi       = {10.1515/itit-2013-1041},
  timestamp = {Thu, 20 Nov 2014 15:04:43 +0100},
  biburl    = {http://dblp.uni-trier.de/rec/bib/journals/it/EggersglussD14},
  bibsource = {dblp computer science bibliography, http://dblp.org}
}

@article{czutro14,
author = {Alexander Czutro and Sudhakar M. Reddy and Ilia Polian and Bernd Becker},
title = {{SAT-Based} Test Pattern Generation with Improved Dynamic Compaction},
journal ={VLSI Design, International Conference on},
volume = {0},
issn = {1063-9667},
year = {2014},
pages = {56-61},
doi = {http://doi.ieeecomputersociety.org/10.1109/VLSID.2014.17},
publisher = {IEEE Computer Society},
address = {Los Alamitos, CA, USA},
}

@INPROCEEDINGS{6847807,
author={Eggersgl{\"{u}}{\ss}, S. and Schmitz, K. and Krenz-Baath, R. and Drechsler, R.},
booktitle={IEEE European Test Symposium (ETS)},
title={Optimization-based multiple target test generation for highly compacted test sets},
year={2014},
month={May},
pages={1-6},
doi={10.1109/ETS.2014.6847807}
}

@misc{iscas,
  title = {{ACM/SIGDA} benchmarks},
  howpublished = {\url{http://www.cbl.ncsu.edu/benchmarks/Benchmarks-upto-1996.html}},
  note = {Accessed: 2014-11-24}
}

@misc{iscasTGPRO,
   title = {{ISCAS85} (in {ISCAS89} format), {ISCAS89}, and {ITC99} (second edition) netlists and fault lists},
   howpublished = {\url{http://logos.ucd.ie/web/doku.php?id=tg-pro}},
   note = {Accessed: 2014-11-24}
}

@inproceedings{fujita14,
authors = {Masahiro Fujita and Alan Mishchenko},
title = {Efficient {SAT}-based {ATPG} techniques for all multiple stuck-at faults},
booktitle = {International Test Conference (ITC)},
year = {2014}
}
